<?xml version="1.0" encoding="UTF-8"?><collection xmlns="http://www.loc.gov/MARC21/slim"><record><leader>00574nam--2200193-u-4500</leader><controlfield tag="001">000056874</controlfield><controlfield tag="002">20200911</controlfield><controlfield tag="005">20200911033229</controlfield><controlfield tag="008">200911s1000------------r-----000-0-eng-d</controlfield><datafield ind1=" " ind2=" " tag="040"><subfield code="a">IFIN-HH</subfield></datafield><datafield ind1=" " ind2=" " tag="041"><subfield code="a">eng</subfield></datafield><datafield ind1="1" ind2=" " tag="100"><subfield code="a">Popescu, Ioan-Iovitz</subfield></datafield><datafield ind1="1" ind2="0" tag="245"><subfield code="a">Quantitative Analysis of Poetic Texts</subfield><subfield code="c">Ioan-Iovitz Popescu; Mihaiela Lupea; Doina Tatar; Gabriel Altmann</subfield></datafield><datafield ind1=" " ind2=" " tag="260"><subfield code="a">Berlin</subfield><subfield code="b">DeGruyter Mouton</subfield><subfield code="c">2015</subfield></datafield><datafield ind1=" " ind2=" " tag="300"><subfield code="a">VII+280 p</subfield></datafield><datafield ind1=" " ind2=" " tag="500"><subfield code="a">Donatie Acad. Nicolae Victor Zamfir</subfield></datafield><datafield ind1="1" ind2=" " tag="700"><subfield code="a">Altmann, Gabriel</subfield></datafield><datafield ind1=" " ind2=" " tag="852"><subfield code="a">82813</subfield><subfield code="c">NVZ</subfield></datafield><datafield ind1=" " ind2=" " tag="CAT"><subfield code="a">SYS</subfield><subfield code="c">20200911</subfield><subfield code="h">033229</subfield></datafield></record></collection>